<record><leader>00000cas a2200000 a 4500</leader><controlfield tag="001">19109725</controlfield><controlfield tag="008">890207d19051961tnuwr ne      0    0eng d</controlfield><datafield ind1=" " ind2=" " tag="010"><subfield code="a">sn 89058166 </subfield></datafield><datafield ind1=" " ind2=" " tag="040"><subfield code="a">KNP</subfield><subfield code="b">eng</subfield><subfield code="c">KNP</subfield><subfield code="d">TGN</subfield><subfield code="d">OCL</subfield><subfield code="d">OCLCQ</subfield><subfield code="d">OCLCF</subfield><subfield code="d">OCLCO</subfield></datafield><datafield ind1=" " ind2=" " tag="042"><subfield code="a">msc</subfield></datafield><datafield ind1=" " ind2=" " tag="043"><subfield code="a">n-us-tn</subfield></datafield><datafield ind1="0" ind2=" " tag="130"><subfield code="a">Lenoir City news (Lenoir City, Tenn. : 1905)</subfield></datafield><datafield ind1="1" ind2="4" tag="245"><subfield code="a">The Lenoir City news.</subfield></datafield><datafield ind1=" " ind2=" " tag="260"><subfield code="a">Lenoir City, Tenn. :</subfield><subfield code="b">News Pub. Co.,</subfield><subfield code="c">-1961.</subfield></datafield><datafield ind1=" " ind2=" " tag="300"><subfield code="a">v.</subfield></datafield><datafield ind1=" " ind2=" " tag="310"><subfield code="a">Weekly,</subfield><subfield code="b">Jan. 7, 1954-Aug. 31, 1961</subfield></datafield><datafield ind1=" " ind2=" " tag="321"><subfield code="a">Weekly,</subfield><subfield code="b">1905-&lt;Dec. 19, 1946&gt;</subfield></datafield><datafield ind1=" " ind2=" " tag="321"><subfield code="a">Semiweekly,</subfield><subfield code="b">&lt;Feb. 28, 1949&gt;-Dec. 31, 1953</subfield></datafield><datafield ind1="1" ind2=" " tag="362"><subfield code="a">Began in 1905.</subfield></datafield><datafield ind1="0" ind2=" " tag="362"><subfield code="a">-v. 54, no. 35 (Aug. 31, 1961).</subfield></datafield><datafield ind1=" " ind2=" " tag="500"><subfield code="a">"Continuation of the Loudon County record", appears below title of issues for &lt;July 14, 1927-Apr. 24, 1930&gt;</subfield></datafield><datafield ind1=" " ind2=" " tag="500"><subfield code="a">"Continuation of Progress, courier and record" appears below title of issues for &lt;May 8, 1930-May 28, 1936&gt;</subfield></datafield><datafield ind1=" " ind2=" " tag="500"><subfield code="a">Published Loudon County's 25th anniversary edition on June 26, 1930.</subfield></datafield><datafield ind1=" " ind2=" " tag="580"><subfield code="a">Merged with: Lenoir City banner, to form: Lenoir City news-banner.</subfield></datafield><datafield ind1=" " ind2=" " tag="588"><subfield code="a">Description based on: Vol. 1, no. 9 (July 27, 1905).</subfield></datafield><datafield ind1=" " ind2="0" tag="651"><subfield code="a">Lenoir City (Tenn.)</subfield><subfield code="v">Newspapers.</subfield></datafield><datafield ind1=" " ind2="0" tag="651"><subfield code="a">Loudon County (Tenn.)</subfield><subfield code="v">Newspapers.</subfield></datafield><datafield ind1=" " ind2="7" tag="655"><subfield code="a">Newspapers.</subfield><subfield code="2">fast</subfield><subfield code="0">(OCoLC)fst01423814</subfield></datafield><datafield ind1=" " ind2="7" tag="651"><subfield code="a">Tennessee</subfield><subfield code="z">Lenoir City.</subfield><subfield code="2">fast</subfield><subfield code="0">(OCoLC)fst01221773</subfield></datafield><datafield ind1=" " ind2="7" tag="651"><subfield code="a">Tennessee</subfield><subfield code="z">Loudon County.</subfield><subfield code="2">fast</subfield><subfield code="0">(OCoLC)fst01221597</subfield></datafield><datafield ind1=" " ind2=" " tag="752"><subfield code="a">United States</subfield><subfield code="b">Tennessee</subfield><subfield code="c">Loudon</subfield><subfield code="d">Lenoir City.</subfield></datafield><datafield ind1="1" ind2="7" tag="785"><subfield code="t">Lenoir City banner</subfield></datafield><datafield ind1="1" ind2="7" tag="785"><subfield code="t">Lenoir City news-banner</subfield><subfield code="w">(DLC)sn 97065507</subfield></datafield></record>